<record><leader>00000cas a22000007a 4500</leader><controlfield tag="001">17527601</controlfield><controlfield tag="008">880223d19001905lauwr ne      0    0eng d</controlfield><datafield ind1=" " ind2=" " tag="010"><subfield code="a">sn 88064178 </subfield></datafield><datafield ind1=" " ind2=" " tag="040"><subfield code="a">LNP</subfield><subfield code="b">eng</subfield><subfield code="c">LNP</subfield><subfield code="d">OCLCQ</subfield></datafield><datafield ind1=" " ind2=" " tag="042"><subfield code="a">msc</subfield></datafield><datafield ind1="0" ind2=" " tag="130"><subfield code="a">Sentry (Lake Providence, La.)</subfield></datafield><datafield ind1="1" ind2="4" tag="245"><subfield code="a">The Sentry.</subfield></datafield><datafield ind1=" " ind2=" " tag="260"><subfield code="a">Lake Providence, La. :</subfield><subfield code="b">E. Wayles Browne</subfield></datafield><datafield ind1=" " ind2=" " tag="310"><subfield code="a">Weekly</subfield></datafield><datafield ind1="1" ind2=" " tag="362"><subfield code="a">Began in 1900? Ceased in 1905?</subfield></datafield><datafield ind1=" " ind2=" " tag="588"><subfield code="a">Description based on: Vol. 1, no. 28 (May 2, 1901).</subfield></datafield><datafield ind1=" " ind2=" " tag="752"><subfield code="a">United States</subfield><subfield code="b">Louisiana</subfield><subfield code="c">East Carroll</subfield><subfield code="d">Lake Providence.</subfield></datafield><datafield ind1="0" ind2="0" tag="785"><subfield code="t">Lake Providence sentry</subfield><subfield code="w">(DLC)sn 88064179</subfield></datafield></record>